@MISC{bib:drupal-module-filedepot,
	AUTHOR={\gls{drupal-module-openlucious}},
	TITLE={Drupal module filedepot},
	YEAR={2017},
	HOWPUBLISHED={https://www.drupal.org/project/filedepot},
	NOTE={[Online; accessed 8-February-2017]}
};
@MISC{bib:redis,
	AUTHOR={\gls{redis}},
	TITLE={\gls{redis} overview},
	YEAR={2017},
	HOWPUBLISHED={https://redis.io/},
	NOTE={[Online; accessed 8-February-2017]}
};

@MISC{bib:gitlab-ha,
	AUTHOR={\gls{gitlab}},
	TITLE={\gls{gitlab} High Availability},
	YEAR={2017},
	HOWPUBLISHED={https://about.gitlab.com/high-availability/},
	NOTE={[Online; accessed 8-February-2017]}
};


@MISC{bib:drupal-module-openlucious,
	AUTHOR={\gls{drupal-module-openlucious}},
	TITLE={Drupal module OpenLucious},
	YEAR={2017},
	HOWPUBLISHED={https://www.drupal.org/project/openlucius},
	NOTE={[Online; accessed 8-February-2017]}
};

@MISC{bib:drupal-module-group,
	AUTHOR={\gls{drupal-module-group}},
	TITLE={Drupal module group},
	YEAR={2017},
	HOWPUBLISHED={https://www.drupal.org/node/2666972},
	NOTE={[Online; accessed 8-February-2017]}
};

@MISC{bib:drupal-tutorial,
	AUTHOR={\gls{AWS}},
	TITLE={Build a Drupal Website on Amazon Web Services},
	YEAR={2017},
	HOWPUBLISHED={http://docs.aws.amazon.com/getting-started/latest/drupal/build-a-drupal-website-on-aws.html},
	NOTE={[Online; accessed 8-February-2017]}
};

@MISC{bib:gitlabce-documentation-overview,
	AUTHOR={\gls{gitlab}},
	TITLE={\gls{gitlabce} Documentation overview},
	YEAR={2017},
	HOWPUBLISHED={https://docs.gitlab.com/ce/README.html},
	NOTE={[Online; accessed 8-February-2017]}
};

@MISC{bib:gitlab-wiki,
	AUTHOR={Wikipedia},
	TITLE={GitLab},
	YEAR={2017},
	HOWPUBLISHED={https://en.wikipedia.org/wiki/GitLab},
	NOTE={[Online; accessed 8-February-2017]}
};

@MISC{bib:rds,
	AUTHOR={\gls{AWS}},
	TITLE={\gls{RDS} Tutorial},
	YEAR={2017},
	HOWPUBLISHED={http://docs.aws.amazon.com/AmazonRDS/latest/UserGuide/CHAP_GettingStarted.html},
	NOTE={[Online; accessed 8-February-2017]}
};

@MISC{bib:efs,
	AUTHOR={\gls{AWS}},
	TITLE={\gls{EFS} Tutorial},
	YEAR={2017},
	HOWPUBLISHED={http://docs.aws.amazon.com/efs/latest/ug/getting-started.html},
	NOTE={[Online; accessed 8-February-2017]}
};

@MISC{bib:vpc,
	AUTHOR={\gls{VPC}},
	TITLE={\gls{VPC} Tutorial},
	YEAR={2017},
	HOWPUBLISHED={https://aws.amazon.com/documentation/vpc/},
	NOTE={[Online; accessed 8-February-2017]}
};

@MISC{bib:ec2,
	AUTHOR={\gls{EC2}},
	TITLE={\gls{EC2} Tutorial},
	YEAR={2017},
	HOWPUBLISHED={http://docs.aws.amazon.com/gettingstarted/latest/awsgsg-intro/gsg-aws-tutorials.html},
	NOTE={[Online; accessed 8-February-2017]}
};

@MISC{bib:adobe,
	AUTHOR={Wikipedia},
	TITLE={\gls{adobe}},
	YEAR={2017},
	HOWPUBLISHED={https://en.wikipedia.org/wiki/Adobe_Systems},
	NOTE={[Online; accessed 8-February-2017]}
};

@MISC{bib:docker,
	AUTHOR={Wikipedia},
	TITLE={\gls{docker}},
	YEAR={2017},
	HOWPUBLISHED={https://en.wikipedia.org/wiki/Docker_(software)},
	NOTE={[Online; accessed 8-February-2017]}
};

@MISC{bib:netflix,
	AUTHOR={Wikipedia},
	TITLE={\gls{netflix}},
	YEAR={2017},
	HOWPUBLISHED={https://en.wikipedia.org/wiki/Netflix},
	NOTE={[Online; accessed 8-February-2017]}
};
